@misc{WikiT,
  title = {{Tridiagonal Matrix Algorithm} Wikipedia},
  howpublished = {\url{https://en.wikipedia.org/wiki/Tridiagonal_matrix_algorithm}},
  note = {Accessed: 2016-09-16}
}

@misc{WikiF,
  title = {{Floating point operations} Wikipedia},
  howpublished = {\url{https://en.wikipedia.org/wiki/FLOPS}},
  note = {Accessed: 2016-09-16}
}
@misc{Lec,
  title = {{Lecture notes, FYS3150} Morten Hjorth Jensen},
  howpublished = {\url{https://github.com/CompPhysics/ComputationalPhysics/blob/master/doc/Lectures/lectures2015.pdf}},
  note = {Accessed: 2016-09-16}
}
@misc{LU,
  title = {{LU decomposition} UCLA},
  howpublished = {\url{https://www.seas.ucla.edu/~vandenbe/103/lectures/lu.pdf}},
  note = {Accessed: 2016-09-18}
}
